% Encoding: UTF-8

@article{hartmann2012,
  title={The new global lithological map database {GLiM}: A representation of rock properties at the {Earth} surface},
  author={Hartmann, Jens and Moosdorf, Nils},
  journal={Geochemistry, Geophysics, Geosystems},
  volume={13},
  number={12},
  issn={1525-2027},
  year={2012},
  publisher={Wiley Online Library}
}
@article{white2002,
  title={An integrated approach for determining mineral weathering rates based on regolith solute and solute elemental gradients: application to biotite weathering in Saprolites},
  author={White, AF},
  journal={Chemical Geology},
  volume={190},
  pages={69--89},
  year={2002}
}
@MastersThesis{marvin,
author = {Marvin Keitzel},
title = {Mineralogische Charakterisierung von Sedimentproben aus einem Mesokosmosexperiment mit Dunit im Oberboden},
subtitle = {Bachelor thesis},
school = {Institute of Geology, University of Hamburg},
year = {2015},
}
@article{schott1981,
  title={Mechanism of pyroxene and amphibole weathering—I. Experimental studies of iron-free minerals},
  author={Schott, Jacques and Berner, Robert A and Sj{\"o}berg, E Lennart},
  journal={Geochimica et Cosmochimica Acta},
  volume={45},
  number={11},
  pages={2123--2135},
  year={1981},
  publisher={Elsevier}
}
@incollection{schott1985,
  title={Dissolution mechanisms of pyroxenes and olivines during weathering},
  author={Schott, Jacques and Berner, Robert A},
  booktitle={The chemistry of weathering},
  pages={35--53},
  year={1985},
  publisher={Springer}
}

@Article{bearat2006,
  author =    {Bearat, H. and McKelvy, M.J. and Chizmeshya, A.V.G and Gormley, D. and Nunez, R. and Carpenter, R.W. and Squires, K. and Wolf, G.H.},
  title =   {Carbon sequestration via aqueous olivine mineral carbonation: role of passivating layer formation},
  journal =   {Environmental Science \& Technology},
  year =      {2006},
  volume =    {40},
  number =    {15},
  pages =     {4802--4808},
  publisher = {ACS Publications}
}
@article{moosdorf2014,
  title={Carbon dioxide efficiency of terrestrial enhanced weathering},
  author={Moosdorf, Nils and Renforth, Phil and Hartmann, Jens},
  journal={Environmental Science \& Technology},
  volume={48},
  number={9},
  pages={4809--4816},
  year={2014},
  publisher={ACS Publications}
}
@inproceedings{white1990,
  title={Role of reactive-surface-area characterization in geochemical kinetic models},
  author={White, Art F. and Peterson, Maria L.},
  booktitle={ACS symposium series},
  volume={416},
  pages={461--475},
  year={1990},
  organization={Oxford University Press}
}

@article{rosso2000,
  title={A high resolution study of forsterite dissolution rates},
  author={Rosso, Jodi J. and Rimstidt, J. Donald},
  journal={Geochimica et Cosmochimica Acta},
  volume={64},
  number={5},
  pages={797--811},
  year={2000},
  publisher={Elsevier}
}

@article{grandstaff1978,
  title={Changes in surface area and morphology and the mechanism of forsterite dissolution},
  author={Grandstaff, DE},
  journal={Geochimica et Cosmochimica Acta},
  volume={42},
  number={12},
  pages={1899--1901},
  year={1978},
  publisher={Elsevier}
}


@article{white2003,
  title={The effect of time on the weathering of silicate minerals: why do weathering rates differ in the laboratory and field?},
  author={White, Art F and Brantley, Susan L},
  journal={Chemical Geology},
  volume={202},
  number={3},
  pages={479--506},
  year={2003},
  publisher={Elsevier}
}
@book{lasaga2014,
  title={Kinetic theory in the earth sciences},
  author={Lasaga, Antonio C},
  year={2014},
  publisher={Princeton University Press}
}

@article{kohler2005,
  title={Do clay mineral dissolution rates reach steady state?},
  author={K{\"o}hler, Stephan J and Bosbach, Dirk and Oelkers, Eric H},
  journal={Geochimica et Cosmochimica Acta},
  volume={69},
  number={8},
  pages={1997--2006},
  year={2005},
  publisher={Elsevier}
}

@article{luce1972,
  title={Dissolution kinetics of magnesium silicates},
  author={Luce, Robert W and Bartlett, Robert W and Parks, George A},
  journal={Geochimica et Cosmochimica Acta},
  volume={36},
  number={1},
  pages={35--50},
  year={1972},
  publisher={Elsevier}
}
@article{golubev2005,
  title={Experimental determination of the effect of dissolved {$CO_2$} on the dissolution kinetics of {Mg} and {Ca} silicates at {25°C}},
  author={Golubev, Sergey V and Pokrovsky, Oleg S and Schott, Jacques},
  journal={Chemical Geology},
  volume={217},
  number={3},
  pages={227--238},
  year={2005},
  publisher={Elsevier}
}

@article{hanchen2006,
  title={Dissolution kinetics of fosteritic olivine at 90-150 C including effects of the presence of {$CO_2$}},
  author={H{\"a}nchen, M and Prigiobbe, V and Storti, G and Seward, TM and Mazzotti, M},
  journal={Geochimica et Cosmochimica Acta},
  volume={70},
  number={17},
  pages={4403--4416},
  year={2006},
  publisher={Elsevier}
}

@article{kleiv2006,
  title={Mechanical activation of olivine},
  author={Kleiv, RA and Thornhill, M},
  journal={Minerals Engineering},
  volume={19},
  number={4},
  pages={340--347},
  year={2006},
  publisher={Elsevier}
}


@article{kleiv2008,
  title={Predicting the neutralisation of acid mine drainage in anoxic olivine drains},
  author={Kleiv, RA and Thornhill, M},
  journal={Minerals Engineering},
  volume={21},
  number={4},
  pages={279--287},
  year={2008},
  publisher={Elsevier}
}


@article{paces1973,
  title={Steady-state kinetics and equilibrium between ground water and granitic rock},
  author={Paces, Tomas},
  journal={Geochimica et Cosmochimica Acta},
  volume={37},
  number={12},
  pages={2641--2663},
  year={1973},
  publisher={Elsevier}
}
@article{holdren1987,
  title={Reaction rate-surface area relationships during the early stages of weathering. II. Data on eight additional feldspars},
  author={Holdren, George R and Speyer, Patricia M},
  journal={Geochimica et Cosmochimica Acta},
  volume={51},
  number={9},
  pages={2311--2318},
  year={1987},
  publisher={Elsevier}
}


@article{holdren1979,
  title={Mechanism of feldspar weathering—I. Experimental studies},
  author={Holdren, George R and Berner, Robert A},
  journal={Geochimica et Cosmochimica Acta},
  volume={43},
  number={8},
  pages={1161--1171},
  year={1979},
  publisher={Elsevier}
}

@article{aagaard1982,
  title={Thermodynamic and kinetic constraints on reaction rates among minerals and aqueous solutions; I, Theoretical considerations},
  author={Aagaard, Per and Helgeson, Harold C},
  journal={American Journal of Science},
  volume={282},
  number={3},
  pages={237--285},
  year={1982},
  publisher={American Journal of Science}
}
@article{helgeson1984,
  title={Thermodynamic and kinetic constraints on reaction rates among minerals and aqueous solutions. II. Rate constants, effective surface area, and the hydrolysis of feldspar},
  author={Helgeson, Harold C and Murphy, William M and Aagaard, Per},
  journal={Geochimica et Cosmochimica Acta},
  volume={48},
  number={12},
  pages={2405--2432},
  year={1984},
  publisher={Elsevier}
}
@article{hailin1993,
  title={Change in surface area and dissolution rates during hornblende dissolution at pH 4.0},
  author={Hailin, Zhang and Bloom, Paul R and Nater, Edward A},
  journal={Geochimica et Cosmochimica Acta},
  volume={57},
  number={8},
  pages={1681--1689},
  year={1993},
  publisher={Elsevier}
}
@article{walter1984,
  title={Reactive surface area of skeletal carbonates during dissolution: effect of grain size},
  author={Walter, Lynn M and Morse, John W},
  journal={Journal of Sedimentary Research},
  volume={54},
  number={4},
  year={1984},
  publisher={Society for Sedimentary Geology}
}
@article{hochella1995,
  title={Chemical weathering of silicates in nature; a microscopic perspective with theoretical considerations},
  author={Hochella, MF and Banfield, JF},
  journal={Reviews in Mineralogy and Geochemistry},
  volume={31},
  number={1},
  pages={353--406},
  year={1995},
  publisher={Mineral Soc America}
}
@article{oelkers2001a,
  title={An experimental study of forsterite dissolution rates as a function of temperature and aqueous Mg and Si concentrations},
  author={Oelkers, Eric H},
  journal={Chemical Geology},
  volume={175},
  number={3},
  pages={485--494},
  year={2001},
  publisher={Elsevier}
}

@article{schott2009,
  title={The link between mineral dissolution/precipitation kinetics and solution chemistry},
  author={Schott, Jacques and Pokrovsky, Oleg S and Oelkers, Eric H},
  journal={Reviews in Mineralogy and Geochemistry},
  volume={70},
  number={1},
  pages={207--258},
  year={2009},
  publisher={Mineral Soc America}
}

@article{awad2000,
  title={Forsteritic olivine: effect of crystallographic direction on dissolution kinetics},
  author={Awad, Aida and Van Groos, AF Koster and Guggenheim, Stephen},
  journal={Geochimica et Cosmochimica Acta},
  volume={64},
  number={10},
  pages={1765--1772},
  year={2000},
  publisher={Elsevier}
}

@article{moore1977,
  title={Three varieties of alpine-type ultramafic rocks in the Norwegian Caledonides and basal gnesis complex},
  author={Moore, Alan C and Qvale, Henning},
  journal={Lithos},
  volume={10},
  number={2},
  pages={149--161},
  year={1977},
  publisher={Elsevier}
}

@misc{olivinebritannica,
author = {Cecil Edgar Tilley and William B. Simmons},
title = {Olivine},
year = {2016},
url = {https:\/\/www.britannica.com/science/olivine\#ref618381},
}
@book{deer1992,
  title={An introduction to the rock-forming minerals},
  author={Deer, William Alexander and Howie, Robert Andrew and Zussman, Jack and others},
  volume={696},
  year={1992},
  publisher={Longman London}
}

@Incollection{Brantley2008a,
author={Brantley, L. Susan},
editor={Brantley, L. Susan
and Kubicki, D. James
and White, F. Art},
title={Analysis of Rates of Geochemical Reactions},
bookTitle={Kinetics of Water-Rock Interaction},
year={2008},
publisher={Springer New York},
address={New York, NY},
pages={151--210},
isbn={978-0-387-73563-4},
}
@article{nimmo2004,
  title={Porosity and pore size distribution},
  author={Nimmo, JR},
  journal={Encyclopedia of Soils in the Environment},
  volume={3},
  pages={295--303},
  year={2004}
}
@article{zou2011,
  title={Prediction of the porosity of multi-component mixtures of cohesive and non-cohesive particles},
  author={Zou, RP and Gan, ML and Yu, AB},
  journal={Chemical Engineering Science},
  volume={66},
  number={20},
  pages={4711--4721},
  year={2011},
  publisher={Elsevier}
  
}
@InBook{coulson1991,
author = {Coulson, JM and Richardson, JF and Backhurst, JR and Harker, JH},
title = {Vol. 2: Particle technology and separation processes},
chapter = {Flow of Fluids through Granular Beds and Packed Columns},
publisher = {Oxford [etc.]: Butterworth-Heinemann},
year = {1991},
pages={95--145},
edition = {5},
}


@article{brady1989,
  title={Controls on silicate dissolution rates in neutral and basic {pH} solutions at 25°C},
  author={Brady, Patrick V and Walther, John V},
  journal={Geochimica et Cosmochimica Acta},
  volume={53},
  number={11},
  pages={2823--2830},
  year={1989},
  publisher={Elsevier}
}
@article{shiraki1995,
  title={Kinetics of near-equilibrium calcite precipitation at 100 C: An evaluation of elementary reaction-based and affinity-based rate laws},
  author={Shiraki, Ryoji and Brantley, Susan L},
  journal={Geochimica et Cosmochimica Acta},
  volume={59},
  number={8},
  pages={1457--1471},
  year={1995},
  publisher={Elsevier}
}
@Incollection{Brantley2008c,
author="A. Luttge and R. S. Arvidson",
editor="Brantley, L.Susan
and Kubicki, D. James
and White, F. Art",
title="The Mineral-Water Interface",
bookTitle="Kinetics of Water-Rock Interaction",
year="2008",
publisher="Springer New York",
address="New York, NY",
pages="73--108",
isbn="978-0-387-73563-4",

}

@Incollection{Brantley2008b,
author="Brantley, L.Susan",
editor="Brantley, L.Susan
and Kubicki, D. James
and White, F. Art",
title="Kinetics of Mineral Dissolution",
bookTitle="Kinetics of Water-Rock Interaction",
year="2008",
publisher="Springer New York",
address="New York, NY",
pages="151--210",
isbn="978-0-387-73563-4",

}
@Inbook{weathering,
author="Manutchehr-Danai, Mohsen",
title="Weathering",
bookTitle="Dictionary of Gems and Gemology",
year="2009",
publisher="Springer Berlin Heidelberg",
address="Berlin, Heidelberg",
pages="917--917",
isbn="978-3-540-72816-0",

}
@article{white1995,
  title={Chemical weathering rates of silicate minerals: an overview},
  author={White, Art F and Brantley, Susan L},
  journal={Chemical Weathering Rates of Silicate Minerals},
  volume={31},
  pages={1--22},
  year={1995},
  publisher={Reviews in Mineralogy}
}
@article{crundwell2014a,
  title={The mechanism of dissolution of forsterite, olivine and minerals of the orthosilicate group},
  author={Crundwell, FK},
  journal={Hydrometallurgy},
  volume={150},
  pages={68--82},
  year={2014},
  publisher={Elsevier}
}
@article{daval2009a,
  title={Carbonation of Ca-bearing silicates, the case of wollastonite: experimental investigations and kinetic modeling},
  author={Daval, Damien and Martinez, Isabelle and Corvisier, J{\'e}r{\^o}me and Findling, Nathaniel and Goff{\'e}, Bruno and Guyot, Fran{\c{c}}ois},
  journal={Chemical Geology},
  volume={265},
  number={1},
  pages={63--78},
  year={2009},
  publisher={Elsevier}
}

@article{daval2009b,
  title={Mechanism of wollastonite carbonation deduced from micro-to nanometer length scale observations},
  author={Daval, Damien and Martinez, Isabelle and Guigner, Jean-Michel and Hellmann, Roland and Corvisier, J{\'e}r{\^o}me and Findling, Nathaniel and Dominici, Christian and Goff{\'e}, Bruno and Guyot, Fran{\c{c}}ois},
  journal={American Mineralogist},
  volume={94},
  number={11-12},
  pages={1707--1726},
  year={2009}
}

@article{meybeck1987,
  title={Global chemical weathering of surficial rocks estimated from river dissolved loads},
  author={Meybeck, Michel},
  journal={American Journal of Science},
  volume={287},
  number={5},
  pages={401--428},
  year={1987},
  publisher={American Journal of Science}
}


@article{hellmann2012,
  title={Unifying natural and laboratory chemical weathering with interfacial dissolution--reprecipitation: a study based on the nanometer-scale chemistry of fluid--silicate interfaces},
  author={Hellmann, Roland and Wirth, Richard and Daval, Damien and Barnes, Jean-Paul and Penisson, Jean-Michel and Tisserand, Delphine and Epicier, Thierry and Florin, Brigitte and Hervig, Richard L},
  journal={Chemical Geology},
  volume={294},
  pages={203--216},
  year={2012},
  publisher={Elsevier}
}
@article{weiss2014,
  title={The Overlooked Compartment of the Critical-zone-complex, Considering the Evolution of Future Geogenic Matter Fluxes: Agricultural Topsoils},
  author={Weiss, Andreas and Hartmann, Jens and Struyf, Eric and Schoelynck, Jonas and Meire, Patrick and Amann, Thorben},
  journal={Procedia Earth and Planetary Science},
  volume={10},
  pages={339--342},
  year={2014},
  publisher={Elsevier}
}

@InCollection{ciais2014,
  author =    {Ciais, P. and Sabine, C. and Bala, G. and Bopp, L. and Brovkin, V. and Canadell, J. and Chhabra, A. and DeFries, R. and Galloway, J. and Heimann, M. and others},
  title =     {Carbon and other biogeochemical cycles},
  booktitle = {Climate Change 2013: The Physical Science Basis. Contribution of Working Group I to the Fifth Assessment Report of the Intergovernmental Panel on Climate Change},
  publisher = {Cambridge University Press},
  year =      {2014},
  pages =     {465--570}
}

@Article{hartmann2013,
  author =    {Hartmann, J. and West, A.J. and Renforth, P. and K{\"o}hler, P. and De La Rocha, C.L. and Wolf-Gladrow, D.A. and D{\"u}rr, H.H and Scheffran, J.},
  title =     {Enhanced chemical weathering as a geoengineering strategy to reduce atmospheric carbon dioxide, supply nutrients, and mitigate ocean acidification},
  journal =   {Reviews of Geophysics},
  year =      {2013},
  volume =    {51},
  number =    {2},
  pages =     {113--149},
  publisher = {Wiley Online Library}
}
@article{johnson2004,
  title={Displacement and strain fields around a [100] dislocation in olivine measured to sub-angstrom accuracy},
  author={Johnson, Craig L and H{\"y}tch, Martin J and Buseck, Peter R},
  journal={American Mineralogist},
  volume={89},
  number={10},
  pages={1374--1379},
  year={2004}
}


@Article{lasaga1995,
  author =    {Lasaga, A.C.},
  title =     {Fundamental approaches in describing mineral dissolution and precipitation rates},
  journal =   {Reviews in Mineralogy and Geochemistry},
  year =      {1995},
  volume =    {31},
  number =    {1},
  pages =     {23--86},
  publisher = {Mineral Soc America}
}

@Article{pokrovsky2000,
  author =    {Pokrovsky, O.S. and Schott, J.},
  title =     {Kinetics and mechanism of forsterite dissolution at 25C and pH from 1 to 12},
  journal =   {Geochimica et Cosmochimica Acta},
  year =      {2000},
  volume =    {64},
  number =    {19},
  pages =     {3313--3325},
  publisher = {Elsevier}
}

@article{prigiobbe2009,
  title={The effect of {$CO_2$} and salinity on olivine dissolution kinetics at},
  author={Prigiobbe, Valentina and Costa, Giulia and Baciocchi, Renato and H{\"a}nchen, Markus and Mazzotti, Marco},
  journal={Chemical Engineering Science},
  volume={64},
  number={15},
  pages={3510--3515},
  year={2009},
  publisher={Elsevier}
}
@article{gautier2001,
  title={Are quartz dissolution rates proportional to BET surface areas?},
  author={Gautier, Jean-Marie and Oelkers, Eric H and Schott, Jacques},
  journal={Geochimica et Cosmochimica Acta},
  volume={65},
  number={7},
  pages={1059--1070},
  year={2001},
  publisher={Elsevier}
}

@Article{schuiling2006,
  author =    {Schuiling, R.D. and Krijgsman, P.},
  title =     {Enhanced weathering: An effective and cheap tool to sequester {$CO_2$}},
  journal =   {Climatic Change},
  year =      {2006},
  volume =    {74},
  number =    {1-3},
  pages =     {349--354},
  publisher = {Springer}
}
@Article{brunauer1938,
  title={Adsorption of gases in multimolecular layers},
  author={Brunauer, S. and Emmett, P.H. and Teller, E.},
  journal={Journal of the American Chemical Society},
  volume={60},
  number={2},
  pages={309--319},
  year={1938},
  publisher={ACS Publications}
}
@Article{renforth2015,
  title={The dissolution of olivine added to soil: Implications for enhanced weathering},
  author={Renforth, P. and von Strandmann, PAE Pogge and Henderson, G.M.},
  journal={Applied Geochemistry},
  volume={61},
  pages={109--118},
  year={2015},
  publisher={Elsevier}
}
@TechReport{coninck2005ipcc,
author = {Coninck, H.C. de and Loos, M.A. and Metz, B and Davidson, O and Meyer, L.A.},
title = {IPCC special report on carbon dioxide capture and storage},
institution = {Intergovernmental Panel on Climate Change},
year = {2005},
}
@article{tester1994,
  title={Correlating quartz dissolution kinetics in pure water from {25°C} to {625°C}},
  author={Tester, Jefferson W and Worley, W Gabriel and Robinson, Bruce A and Grigsby, Charles O and Feerer, Jeffrey L},
  journal={Geochimica et Cosmochimica Acta},
  volume={58},
  number={11},
  pages={2407--2420},
  year={1994},
  publisher={Elsevier}
}
@TechReport{dessen2016,
  author      = {Tobiesen, August E Dessen},
  title       = {Classification of Olivin (0-3 mm) with respect to MARPOL Annex V criteria},
  institution = {Norwegian institute for water research},
  year        = {2016},
}

@book{rimstidt2013,
  title={Geochemical rate models: an introduction to geochemical kinetics},
  author={Rimstidt, J Donald},
  year={2013},
  publisher={Cambridge University Press}
}


@article{rimstidt2012,
  title={Systematic review of forsterite dissolution rate data},
  author={Rimstidt, J Donald and Brantley, Susan L and Olsen, Amanda A},
  journal={Geochimica et Cosmochimica Acta},
  volume={99},
  pages={159--178},
  year={2012},
  publisher={Elsevier}
}

@article{brantley2000,
  title={Surface area and porosity of primary silicate minerals},
  author={Brantley, Susan L and Mellott, Nathan P},
  journal={American Mineralogist},
  volume={85},
  number={11-12},
  pages={1767--1783},
  year={2000}
}


@Book{shepherd2009,
  title={Geoengineering the climate: science, governance and uncertainty},
  author={Shepherd, J.G.},
  year={2009},
  publisher={Royal Society}
}

@article{hangx2009,
  title={Coastal spreading of olivine to control atmospheric {$CO_{2}$} concentrations: a critical analysis of viability},
  author={Hangx, S.J.T and Spiers, C.J},
  journal={International Journal of Greenhouse Gas Control},
  volume={3},
  number={6},
  pages={757--767},
  year={2009},
  publisher={Elsevier}
}

@article{wogelius1992,
  title={Olivine dissolution kinetics at near-surface conditions},
  author={Wogelius, R.A and Walther, J.V},
  journal={Chemical Geology},
  volume={97},
  number={1-2},
  pages={101--112},
  year={1992},
  publisher={Elsevier}
}
@article{wogelius1991,
  title={Olivine dissolution at {25°C}: Effects of pH, {$CO_2$}, and organic acids},
  author={Wogelius, R.A and Walther, J.V},
  journal={Geochimica et Cosmochimica Acta},
  volume={55},
  number={4},
  pages={943--954},
  year={1991},
  publisher={Elsevier}
}

@article{kohler2010,
  title={Geoengineering potential of artificially enhanced silicate weathering of olivine},
  author={K{\"o}hler, Peter and Hartmann, Jens and Wolf-Gladrow, Dieter A},
  journal={Proceedings of the National Academy of Sciences},
  volume={107},
  number={47},
  pages={20228--20233},
  year={2010},
  publisher={National Acad Sciences}
}

@article{lee2008,
  title={The composition and crystallinity of the near-surface regions of weathered alkali feldspars},
  author={Lee, Martin R and Hodson, Mark E and Brown, David J and MacKenzie, Maureen and Smith, Caroline L},
  journal={Geochimica et Cosmochimica Acta},
  volume={72},
  number={20},
  pages={4962--4975},
  year={2008},
  publisher={Elsevier}
}

@Article{martinez2014,
  author    = {Martinez, Raul E and Weber, Sebastian and Bucher, Kurt},
  title     = {Quantifying the kinetics of olivine dissolution in partially closed and closed batch reactor systems},
  journal   = {Chemical Geology},
  year      = {2014},
  volume    = {367},
  pages     = {1--12},
  publisher = {Elsevier},
}

@Article{rimstidt2015,
  author    = {Rimstidt, J Donald},
  title     = {Diffusion control of quartz and forsterite dissolution rates},
  journal   = {Applied Geochemistry},
  year      = {2015},
  volume    = {61},
  pages     = {99--108},
  publisher = {Elsevier},
}


